@article{aa,
  title   = {{参考文献1}},
  author  = {立命太郎，立命花子},
  journal = {AISLabゼミ資料},
  year    = {2025},
  pages   = {0000--0000}
}

@book{bb,
  title     = {{参考文献2}},
  author    = {立命太郎，立命花子},
  publisher = {AISLab},
  year      = {2025}
}

@misc{cc,
  author   = {李周浩},
  year     = {2004},
  title    = {{AISLab. 立命館大学 李・TRAN研究室}},
  url      = {http://www.aislab.org/},
  note     = {Accessed on 11.03.2025}
}